<record><leader>00000cas a22000007a 4500</leader><controlfield tag="001">13449700</controlfield><controlfield tag="008">860417d18791884inucr ne      0    0eng d</controlfield><datafield ind1=" " ind2=" " tag="010"><subfield code="a">sn 86058457 </subfield></datafield><datafield ind1=" " ind2=" " tag="040"><subfield code="a">NPI</subfield><subfield code="b">eng</subfield><subfield code="c">NPI</subfield><subfield code="d">OCLCQ</subfield><subfield code="d">IUL</subfield><subfield code="d">OCLCF</subfield></datafield><datafield ind1="1" ind2=" " tag="029"><subfield code="a">AU@</subfield><subfield code="b">000025802829</subfield></datafield><datafield ind1=" " ind2=" " tag="042"><subfield code="a">msc</subfield></datafield><datafield ind1=" " ind2=" " tag="043"><subfield code="a">n-us-in</subfield></datafield><datafield ind1="0" ind2="4" tag="245"><subfield code="a">The Bedford magnet.</subfield></datafield><datafield ind1=" " ind2=" " tag="260"><subfield code="a">Bedford, Ind. :</subfield><subfield code="b">Harry S. Osborne</subfield></datafield><datafield ind1=" " ind2=" " tag="300"><subfield code="a">v. :</subfield><subfield code="b">ill. (chiefly advertisements)</subfield></datafield><datafield ind1=" " ind2=" " tag="310"><subfield code="a">Semiweekly (twice a week),</subfield><subfield code="b">1879-1884</subfield></datafield><datafield ind1=" " ind2=" " tag="321"><subfield code="a">Daily (except Sun.),</subfield><subfield code="b">1879</subfield></datafield><datafield ind1=" " ind2=" " tag="321"><subfield code="a">Three times a week,</subfield><subfield code="b">1879</subfield></datafield><datafield ind1="1" ind2=" " tag="362"><subfield code="a">Began in 1879; ceased in Aug. 1884.</subfield><subfield code="z">Cf. Miller, John W. Indiana newspaper bibliog.</subfield></datafield><datafield ind1=" " ind2=" " tag="500"><subfield code="a">Republican Cf. Miller.</subfield></datafield><datafield ind1=" " ind2=" " tag="588"><subfield code="a">Description based on: Vol. 1, no. 35 (Dec. 6, 1879).</subfield></datafield><datafield ind1=" " ind2="0" tag="651"><subfield code="a">Bedford (Ind.)</subfield><subfield code="v">Newspapers.</subfield></datafield><datafield ind1=" " ind2="0" tag="651"><subfield code="a">Lawrence County (Ind.)</subfield><subfield code="v">Newspapers.</subfield></datafield><datafield ind1=" " ind2="7" tag="655"><subfield code="a">Newspapers.</subfield><subfield code="2">fast</subfield><subfield code="0">(OCoLC)fst01423814</subfield></datafield><datafield ind1=" " ind2="7" tag="651"><subfield code="a">Indiana</subfield><subfield code="z">Bedford.</subfield><subfield code="2">fast</subfield><subfield code="0">(OCoLC)fst01218072</subfield></datafield><datafield ind1=" " ind2="7" tag="651"><subfield code="a">Indiana</subfield><subfield code="z">Lawrence County.</subfield><subfield code="2">fast</subfield><subfield code="0">(OCoLC)fst01205537</subfield></datafield><datafield ind1=" " ind2=" " tag="752"><subfield code="a">United States</subfield><subfield code="b">Indiana</subfield><subfield code="c">Lawrence</subfield><subfield code="d">Bedford.</subfield></datafield><datafield ind1="0" ind2="0" tag="780"><subfield code="t">Gazette (Owensburg, Ind.)</subfield></datafield><datafield ind1="0" ind2="7" tag="785"><subfield code="t">Bedford journal</subfield></datafield><datafield ind1="0" ind2="7" tag="785"><subfield code="t">Lawrence mail</subfield><subfield code="w">(DLC)sn 84045457</subfield><subfield code="w">(OCoLC)11374426</subfield></datafield></record>